<collection xmlns="http://www.loc.gov/MARC21/slim">
<record>
  <leader>01620nam0a22002891i 450 </leader>
  <controlfield tag="001">IT\ICCU\CNCE\049234</controlfield>
  <controlfield tag="005">20060927000000.0</controlfield>
  <datafield tag="012" ind1=" " ind2=" ">
    <subfield code="a">t..&amp; uen- j..&amp; inqu (3) 1541 (R)</subfield>
    <subfield code="2">fei</subfield>
  </datafield>
  <datafield tag="100" ind1=" " ind2=" ">
    <subfield code="a">19991008d1541        0itac0103    ba</subfield>
  </datafield>
  <datafield tag="101" ind1=" " ind2=" ">
    <subfield code="a">LAT</subfield>
  </datafield>
  <datafield tag="102" ind1=" " ind2=" ">
    <subfield code="a">IT</subfield>
  </datafield>
  <datafield tag="200" ind1="1" ind2=" ">
    <subfield code="a">℗Alexander de Imola ℗In primam \-secundam! Digesti veteris. Prima \-secunda! pars commentariorum Alexandri Tartagni Imolensis ... super Digesto veteri ... Cui accesserunt annotationes praeclarissimorum uirorum domini Francisci de curte, domini Bernardini de landriano, ac domini Francisci de doctoribus ... Adiecto insuper amplissimo domini Hieronymi Loreti Repertorio ...</subfield>
  </datafield>
  <datafield tag="210" ind1=" " ind2=" ">
    <subfield code="a">Venetiis</subfield>
    <subfield code="c">\al segno della corona! 1541</subfield>
  </datafield>
  <datafield tag="215" ind1=" " ind2=" ">
    <subfield code="a">2 v.</subfield>
    <subfield code="d">fol</subfield>
  </datafield>
  <datafield tag="620" ind1=" " ind2=" ">
    <subfield code="a">IT</subfield>
    <subfield code="d">Venezia</subfield>
  </datafield>
  <datafield tag="700" ind1=" " ind2="1">
    <subfield code="a">Tartagni,</subfield>
    <subfield code="b">Alessandro</subfield>
    <subfield code="3">IT\ICCU\CNCA\001036</subfield>
  </datafield>
  <datafield tag="712" ind1="0" ind2="2">
    <subfield code="a">s.n.</subfield>
    <subfield code="3">IT\ICCU\CNCT\000002</subfield>
    <subfield code="4">650</subfield>
  </datafield>
  <datafield tag="790" ind1=" " ind2="0">
    <subfield code="a">Alessandro</subfield>
    <subfield code="c"> : d&apos;Imola</subfield>
    <subfield code="3">IT\ICCU\CNCA\007562</subfield>
    <subfield code="z">Tartagni, Alessandro</subfield>
  </datafield>
  <datafield tag="790" ind1=" " ind2="1">
    <subfield code="a">Tartagna,</subfield>
    <subfield code="b">Alessandro</subfield>
    <subfield code="3">IT\ICCU\CNCA\014966</subfield>
    <subfield code="z">Tartagni, Alessandro</subfield>
  </datafield>
  <datafield tag="790" ind1=" " ind2="0">
    <subfield code="a">Alexander</subfield>
    <subfield code="c"> : Imolensis</subfield>
    <subfield code="3">IT\ICCU\CNCA\014967</subfield>
    <subfield code="z">Tartagni, Alessandro</subfield>
  </datafield>
  <datafield tag="790" ind1=" " ind2="1">
    <subfield code="a">Tartagnus,</subfield>
    <subfield code="b">Alexander</subfield>
    <subfield code="3">IT\ICCU\CNCA\020820</subfield>
    <subfield code="z">Tartagni, Alessandro</subfield>
  </datafield>
  <datafield tag="801" ind1=" " ind2="3">
    <subfield code="a">IT</subfield>
    <subfield code="b">ICCU</subfield>
    <subfield code="c">20201115</subfield>
  </datafield>
  <datafield tag="899" ind1=" " ind2=" ">
    <subfield code="a">Biblioteca Giuridica Antonio Cicu - Alma Mater Studiorum - Universit ̉di Bologna. Bologna</subfield>
    <subfield code="1">BO0036</subfield>
    <subfield code="2">UBO IG</subfield>
  </datafield>
  <datafield tag="899" ind1=" " ind2=" ">
    <subfield code="a">Biblioteca comunale Valentiniana. Camerino</subfield>
    <subfield code="1">MC0004</subfield>
    <subfield code="2">UMC BV</subfield>
  </datafield>
  <datafield tag="899" ind1=" " ind2=" ">
    <subfield code="a">Biblioteca comunale. Assisi</subfield>
    <subfield code="1">PG0001</subfield>
    <subfield code="2">UM1 10</subfield>
  </datafield>
  <datafield tag="899" ind1=" " ind2=" ">
    <subfield code="a">Biblioteca del Convento di Montesanto. Todi</subfield>
    <subfield code="1">PG0174</subfield>
    <subfield code="2">ZPG 23</subfield>
  </datafield>
  <datafield tag="899" ind1=" " ind2=" ">
    <subfield code="a">Biblioteca civica Guarneriana. San Daniele del Friuli</subfield>
    <subfield code="1">UD0075</subfield>
    <subfield code="2">ZUD 05</subfield>
  </datafield>
</record>
</collection>
